% Encoding: UTF-8
@article{Barbaranelli2007,
  doi = {10.1016/j.paid.2006.09.029},
  url = {https://doi.org/10.1016/j.paid.2006.09.029},
  year = {2007},
  month = may,
  publisher = {Elsevier {BV}},
  volume = {42},
  number = {7},
  pages = {1199--1208},
  author = {Claudio Barbaranelli and Gian Vittorio Caprara and Michele Vecchione and Chris R. Fraley},
  title = {Voters' personality traits in presidential elections},
  journal = {Personality and Individual Differences}
}

@misc{https://doi.org/10.4225/87/7ozcza,
  doi = {10.4225/87/7OZCZA},
  url = {https://dataverse.ada.edu.au/citation?persistentId=doi:10.4225/87/7OZCZA},
  author = {McAllister,  Ian and Makkai,  Toni and Bean,  Clive and Gibson,  Rachel Kay},
  title = {Australian Election Study,  2016},
  publisher = {ADA Dataverse},
  year = {2019}
}

@article{DeFond2014,
  doi = {10.1016/j.jacceco.2014.09.002},
  url = {https://doi.org/10.1016/j.jacceco.2014.09.002},
  year = {2014},
  month = nov,
  publisher = {Elsevier {BV}},
  volume = {58},
  number = {2-3},
  pages = {275--326},
  author = {Mark DeFond and Jieying Zhang},
  title = {A review of archival auditing research},
  journal = {Journal of Accounting and Economics}
}

@article{AmuedoDorantes2007,
  doi = {10.1111/j.1467-8543.2007.00614.x},
  url = {https://doi.org/10.1111/j.1467-8543.2007.00614.x},
  year = {2007},
  month = jun,
  publisher = {Wiley},
  volume = {45},
  number = {2},
  pages = {257--284},
  author = {Catalina Amuedo-Dorantes and Sara de la Rica},
  title = {Labour Market Assimilation of Recent Immigrants in Spain},
  journal = {British Journal of Industrial Relations}
}

@article{Arli2018,
  doi = {10.1111/ijcs.12439},
  url = {https://doi.org/10.1111/ijcs.12439},
  year = {2018},
  month = nov,
  publisher = {Wiley},
  volume = {43},
  number = {1},
  pages = {2--13},
  author = {Denni Arli and Jeawon Kim and Sharyn Rundle-Thiele and Aaron Tkaczynski},
  title = {Australian migrants' social cultural adaptation and consumption behaviour towards food and alcohol},
  journal = {International Journal of Consumer Studies}
}

@article{BIDDLE2007,
  doi = {10.1111/j.1475-4932.2007.00373.x},
  url = {https://doi.org/10.1111/j.1475-4932.2007.00373.x},
  year = {2007},
  month = mar,
  publisher = {Wiley},
  volume = {83},
  number = {260},
  pages = {16--30},
  author = {NICHOLAS BIDDLE and STEVEN KENNEDY and JAMES TED MCDONALD},
  title = {Health Assimilation Patterns Amongst Australian Immigrants},
  journal = {Economic Record}
}

@article{Chapman1986,
  doi = {10.1177/002218568602800402},
  url = {https://doi.org/10.1177/002218568602800402},
  year = {1986},
  month = dec,
  publisher = {{SAGE} Publications},
  volume = {28},
  number = {4},
  pages = {504--520},
  author = {Bruce J. Chapman and Charles Mulvey},
  title = {An Analysis of the Origins of Sex Differences in Australian Wages},
  journal = {Journal of Industrial Relations}
}

@article{Schmidt1975,
  doi = {10.2307/2525826},
  url = {https://doi.org/10.2307/2525826},
  year = {1975},
  month = jun,
  publisher = {{JSTOR}},
  volume = {16},
  number = {2},
  pages = {471},
  author = {Peter Schmidt and Robert P. Strauss},
  title = {The Prediction of Occupation Using Multiple Logit Models},
  journal = {International Economic Review}
}

@article{Laird2015,
  doi = {10.1016/j.ssresearch.2014.08.009},
  url = {https://doi.org/10.1016/j.ssresearch.2014.08.009},
  year = {2015},
  month = jan,
  publisher = {Elsevier {BV}},
  volume = {49},
  pages = {202--216},
  author = {Jennifer Laird},
  title = {Unemployment among Mexican immigrant men in the United States,  2003{\textendash}2012},
  journal = {Social Science Research}
}

@article{Xing2016,
  doi = {10.1080/13547860.2016.1261486},
  url = {https://doi.org/10.1080/13547860.2016.1261486},
  year = {2016},
  month = dec,
  publisher = {Informa {UK} Limited},
  volume = {22},
  number = {1},
  pages = {156--172},
  author = {Chunbing Xing and Yinheng Wei},
  title = {Does migrating with children influence migrants{\textquotesingle} occupation choice and income?},
  journal = {Journal of the Asia Pacific Economy}
}
@Book{wooldridge2016introductory,
  title     = {Introductory econometrics : a modern approach},
  publisher = {Cengage Learning},
  year      = {2016},
  author    = {Wooldridge, Jeffrey},
  address   = {Boston, MA},
  isbn      = {978-1-305-27010-7},
}

@Comment{jabref-meta: databaseType:bibtex;}
